@article{schalk2022accelerated,
    author    = {Daniel Schalk and Bernd Bischl and David R{\"u}gamer},
    title     = {Accelerated Componentwise Gradient Boosting using Efficient Data Representation and Momentum-based Optimization},
    journal   = {Journal of Computational and Graphical Statistics},
    volume    = {},
    number    = {},
    pages     = {},
    year      = {2022},
    publisher = {Taylor \& Francis},
    doi       = {10.1080/10618600.2022.2116446},
    url       = {https://doi.org/10.1080/10618600.2022.2116446},
    eprint    = {https://doi.org/10.1080/10618600.2022.2116446},
}

@article{buhlmann2003boosting,
    title     = {Boosting with the {L}2 loss: regression and classification},
    author    = {B{\"u}hlmann, Peter and Yu, Bin},
    journal   = {Journal of the American Statistical Association},
    volume    = {98},
    number    = {462},
    pages     = {324--339},
    year      = {2003},
    publisher = {Taylor \& Francis}
}

@article{buhlmann2007boosting,
    title     = {Boosting algorithms: Regularization, prediction and model fitting},
    author    = {B{\"u}hlmann, Peter and Hothorn, Torsten and others},
    journal   = {Statistical science},
    volume    = {22},
    number    = {4},
    pages     = {477--505},
    year      = {2007},
    publisher = {Institute of Mathematical Statistics}
}

@incollection{hastie2017generalized,
    title     = {Generalized additive models},
    author    = {Hastie, Trevor J},
    booktitle = {Statistical models in S},
    pages     = {249--307},
    year      = {2017},
    publisher = {Routledge}
}

@book{wood2017book,
    title     = {Generalized additive models: an introduction with R},
    author    = {Wood, Simon N},
    year      = {2017},
    publisher = {Chapman and Hall/CRC}
}

@article{eilers1996flexible,
    title     = {Flexible smoothing with {B}-splines and penalties},
    author    = {Eilers, Paul HC and Marx, Brian D},
    journal   = {Statistical science},
    pages     = {89--102},
    year      = {1996},
    publisher = {JSTOR}
}

@article{li2016vertical,
    title     = {Vertical grid logistic regression (vertigo)},
    author    = {Li, Yong and Jiang, Xiaoqian and Wang, Shuang and Xiong, Hongkai and Ohno-Machado, Lucila},
    journal   = {Journal of the American Medical Informatics Association},
    volume    = {23},
    number    = {3},
    pages     = {570--579},
    year      = {2016},
    publisher = {Oxford University Press}
}

@article{gaye2014datashield,
    title     = {DataSHIELD: taking the analysis to the data, not the data to the analysis},
    author    = {Gaye, Amadou and Marcon, Yannick and Isaeva, Julia and LaFlamme, Philippe and Turner, Andrew and Jones, Elinor M and Minion, Joel and Boyd, Andrew W and Newby, Christopher J and Nuotio, Marja-Liisa and others},
    journal   = {International journal of epidemiology},
    volume    = {43},
    number    = {6},
    pages     = {1929--1944},
    year      = {2014},
    publisher = {Oxford University Press}
}

@article{karr2005secure,
    title     = {Secure regression on distributed databases},
    author    = {Karr, Alan F and Lin, Xiaodong and Sanil, Ashish P and Reiter, Jerome P},
    journal   = {Journal of Computational and Graphical Statistics},
    volume    = {14},
    number    = {2},
    pages     = {263--279},
    year      = {2005},
    publisher = {Taylor \& Francis}
}

@article{dwork2014algorithmic,
    title   = {The algorithmic foundations of differential privacy.},
    author  = {Dwork, Cynthia and Roth, Aaron and others},
    journal = {Found. Trends Theor. Comput. Sci.},
    volume  = {9},
    number  = {3-4},
    pages   = {211--407},
    year    = {2014}
}

@inproceedings{dwork2006differential,
    title        = {Differential privacy},
    author       = {Dwork, Cynthia},
    booktitle    = {International Colloquium on Automata, Languages, and Programming},
    pages        = {1--12},
    year         = {2006},
    organization = {Springer}
}


@inproceedings{dwork2006calibrating,
    title        = {Calibrating noise to sensitivity in private data analysis},
    author       = {Dwork, Cynthia and McSherry, Frank and Nissim, Kobbi and Smith, Adam},
    booktitle    = {Theory of cryptography conference},
    pages        = {265--284},
    year         = {2006},
    organization = {Springer}
}

@inproceedings{dwork2006our,
    title        = {Our data, ourselves: Privacy via distributed noise generation},
    author       = {Dwork, Cynthia and Kenthapadi, Krishnaram and McSherry, Frank and Mironov, Ilya and Naor, Moni},
    booktitle    = {Annual International Conference on the Theory and Applications of Cryptographic Techniques},
    pages        = {486--503},
    year         = {2006},
    organization = {Springer}
}

@article{schalk2018compboost,
    title   = {compboost: Modular Framework for Component-Wise Boosting},
    author  = {Schalk, Daniel and Thomas, Janek and Bischl, Bernd},
    journal = {Journal of Open Source Software},
    volume  = {3},
    number  = {30},
    pages   = {967},
    year    = {2018}
}

@Manual{mboost,
    title  = {mboost: Model-based boosting},
    author = {Hothorn, Torsten and B{\"u}hlmann, Peter and Kneib, Thomas and Schmid, Matthias and Hofner, Benjamin},
    year   = {2020},
    note   = {{R} package version 2.9-7},
    url    = {https://CRAN.R-project.org/package=mboost},
}

@article{hothorn2010model,
    title     = {Model-based boosting 2.0},
    author    = {Hothorn, Torsten and B{\"u}hlmann, Peter and Kneib, Thomas and Schmid, Matthias and Hofner, Benjamin},
    journal   = {The Journal of Machine Learning Research},
    volume    = {11},
    pages     = {2109--2113},
    year      = {2010},
    publisher = {JMLR. org}
}

@article{hofner2014gamboostlss,
    title        = {gamboost{LSS}: An {R} package for model building and variable selection in the {GAMLSS} framework},
    author       ={Hofner, Benjamin and Mayr, Andreas and Schmid, Matthias},
    journal      = {Journal of Statistical Software},
    year         = {2016},
    volume       = {74},
    number       = {1},
    doi          = {http://dx.doi.org/10.18637/jss.v074.i01},
    organization = {Foundation for Open Access Statistics}
}



@article{brockhaus2020fdboost,
   author  = {Sarah Brockhaus and David R{\"u}gamer and Sonja Greven},
   title   = {Boosting Functional Regression Models with FDboost},
   journal = {Journal of Statistical Software},
   volume  = {94},
   number  = {10},
   year    = {2020},
   issn    = {1548-7660},
   pages   = {1--50},
   doi     = {10.18637/jss.v094.i10},
   url     = {https://www.jstatsoft.org/v094/i10}
}

@article{hofner2011framework,
    title     = {A framework for unbiased model selection based on boosting},
    author    = {Hofner, Benjamin and Hothorn, Torsten and Kneib, Thomas and Schmid, Matthias},
    journal   = {Journal of Computational and Graphical Statistics},
    volume    = {20},
    number    = {4},
    pages     = {956--971},
    year      = {2011},
    publisher = {Taylor \& Francis}
}

@Manual{rmanual,
    title        = {R: A Language and Environment for Statistical Computing},
    author       = {{R Core Team}},
    organization = {R Foundation for Statistical Computing},
    address      = {Vienna, Austria},
    year         = {2022},
    url          = {https://www.R-project.org/},
}

@article{dagum1998openmp,
    Author        = {Dagum, Leonardo and Menon, Ramesh},
    Journal       = {Computational Science \& Engineering, IEEE},
    Number        = {1},
    Pages         = {46--55},
    Publisher     = {IEEE},
    Title         = {OpenMP: an industry standard API for shared-memory programming},
    Volume        = {5},
    Year          = {1998}
}

@article{sanderson2016armadillo,
    doi       = {10.21105/joss.00026},
    url       = {https://doi.org/10.21105/joss.00026},
    year      = {2016},
    publisher = {The Open Journal},
    volume    = {1},
    number    = {2},
    pages     = {26},
    author    = {Conrad Sanderson and Ryan Curtin},
    title     = {Armadillo: a template-based C++ library for linear algebra},
    journal   = {Journal of Open Source Software}
}

@inproceedings{sanderson2018user,
    title        = {A user-friendly hybrid sparse matrix class in C++},
    author       = {Sanderson, Conrad and Curtin, Ryan},
    booktitle    = {International Congress on Mathematical Software},
    pages        = {422--430},
    year         = {2018},
    organization = {Springer}
}

@article{ruder2016overview,
    title   = {An overview of gradient descent optimization algorithms},
    author  = {Ruder, Sebastian},
    journal = {arXiv preprint arXiv:1609.04747},
    year    = {2016}
}

@misc{nesterov1983,
    author    = {Nesterov, Yurii},
    booktitle = {Doklady an ussr},
    volume    = {269},
    pages     = {543--547},
    year      = {1983},
    title     = {{A method for solving the convex programming problem with convergence rate $\mathsf{O}(1/k^2)$}}
}

@article{biau2019accelerated,
    title     = {Accelerated gradient boosting},
    author    = {Biau, G{\'e}rard and Cadre, Beno{\^\i}t and Rouv{\`\i}{\`e}re, Laurent},
    journal   = {Machine Learning},
    volume    = {108},
    number    = {6},
    pages     = {971--992},
    year      = {2019},
    publisher = {Springer}
}

@article{kingma2014adam,
    title   = {Adam: A method for stochastic optimization},
    author  = {Kingma, Diederik P and Ba, Jimmy},
    journal = {arXiv preprint arXiv:1412.6980},
    year    = {2014}
}

@article{schalk2022dauc,
    title   = {Distributed non-disclosive validation of predictive models by a modified ROC-GLM},
    author  = {Schalk, Daniel and Hoffmann, Verena S and Bischl, Bernd and Mansmann, Ulrich},
    journal = {arXiv preprint arXiv:2203.10828},
    year    = {2022}
}

@article{luo2022dlmm,
    title     = {DLMM as a lossless one-shot algorithm for collaborative multi-site distributed linear mixed models},
    author    = {Luo, Chongliang and Islam, Md and Sheils, Natalie E and Buresh, John and Reps, Jenna and Schuemie, Martijn J and Ryan, Patrick B and Edmondson, Mackenzie and Duan, Rui and Tong, Jiayi and others},
    journal   = {Nature Communications},
    volume    = {13},
    number    = {1},
    pages     = {1--10},
    year      = {2022},
    publisher = {Nature Publishing Group}
}

@inproceedings{lu2020accelerating,
    title        = {Accelerating gradient boosting machines},
    author       = {Lu, Haihao and Karimireddy, Sai Praneeth and Ponomareva, Natalia and Mirrokni, Vahab},
    booktitle    = {International Conference on Artificial Intelligence and Statistics},
    pages        = {516--526},
    year         = {2020},
    organization = {PMLR}
}

@article{duff1989sparse,
    title     = { Sparse matrix test problems},
    author    = {Duff, Iain S and Grimes, Roger G and Lewis, John G},
    journal   = {ACM Transactions on Mathematical Software (TOMS)},
    volume    = {15},
    number    = {1},
    pages     = {1--14},
    year      = {1989},
    publisher = {ACM New York, NY, USA}
}
@INPROCEEDINGS{liu2014matmat,
    author    = {Liu, Weifeng and Vinter, Brian},
    booktitle = {2014 IEEE 28th International Parallel and Distributed Processing Symposium},
    title     = {An Efficient GPU General Sparse Matrix-Matrix Multiplication for Irregular Data},
    year      = {2014},
    volume    = {},
    number    = {},
    pages     = {370-381},
    doi       = {10.1109/IPDPS.2014.47}
 }

@article{lang2014multilevel,
    title      = {Multilevel structured additive regression},
    author     = {Lang, Stefan and Umlauf, Nikolaus and Wechselberger, Peter and Harttgen, Kenneth and Kneib, Thomas},
    journal    = {Statistics and Computing},
    volume     = {24},
    number     = {2},
    pages      = {223--238},
    year       = {2014},
    publisher  = {Springer}
}

@article{wood2017gigadata,
    author    = {Simon N. Wood and Zheyuan Li and Gavin Shaddick and Nicole H. Augustin},
    title     = {Generalized Additive Models for Gigadata: Modeling the U.K. Black Smoke Network Daily Data},
    journal   = {Journal of the American Statistical Association},
    volume    = {112},
    number    = {519},
    pages     = {1199-1210},
    year      = {2017},
    publisher = {Taylor & Francis},
    doi       = {10.1080/01621459.2016.1195744},
    URL       = {https://doi.org/10.1080/01621459.2016.1195744},
    eprint    = {https://doi.org/10.1080/01621459.2016.1195744}
}

@article{li2020faster,
    title     = {Faster model matrix crossproducts for large generalized linear models with discretized covariates},
    author    = {Li, Zheyuan and Wood, Simon N},
    journal   = {Statistics and Computing},
    volume    = {30},
    number    = {1},
    pages     = {19--25},
    year      = {2020},
    publisher = {Springer}
}

@book{davis2006direct,
    title     = {Direct methods for sparse linear systems},
    author    = {Davis, Timothy A},
    year      = {2006},
    publisher = {SIAM}
}
@book{barrett1994templates,
    title     = {Templates for the solution of linear systems: building blocks for iterative methods},
    author    = {Barrett, Richard and Berry, Michael and Chan, Tony F and Demmel, James and Donato, June and Dongarra, Jack and Eijkhout, Victor and Pozo, Roldan and Romine, Charles and Van der Vorst, Henk},
    year      = {1994},
    publisher = {SIAM}
}

@Manual{bates2022R-matrix,
    title  = {Matrix: Sparse and Dense Matrix Classes and Methods},
    author = {Douglas Bates and Martin Maechler and Mikael Jagan},
    year   = {2022},
    note   = {R package version 1.5-1},
    url    = {https://CRAN.R-project.org/package=Matrix},
}

@INPROCEEDINGS{rukhsana2005review,
    author    = {Shahnaz, Rukhsana and Usman, Anila and Chughtai, Imran R.},
    booktitle = {2005 Pakistan Section Multitopic Conference},
    title     = {Review of Storage Techniques for Sparse Matrices},
    year      = {2005},
    volume    = {},
    number    = {},
    pages     = {1-7},
    doi       = {10.1109/INMIC.2005.334453}
}

@article{tutz2016regularized,
    author  = {Gerhard Tutz and Jan Gertheiss},
    title   = {Regularized regression for categorical data},
    journal = {Statistical Modelling},
    volume  = {16},
    number  = {3},
    pages   = {161-200},
    year    = {2016},
    doi     = {10.1177/1471082X16642560},
    URL     = {https://doi.org/10.1177/1471082X16642560},
    eprint  = {https://doi.org/10.1177/1471082X16642560}
}

@article{coors2021autocompboost,
  title   = {Automatic Componentwise Boosting: An Interpretable AutoML System},
  author  = {Coors, Stefan and Schalk, Daniel and Bischl, Bernd and R{\"u}gamer, David},
  date    = {2021-07-23},
  year    = {2021},
  journal = {ECML-PKDD Workshop on Automating Data Science}
}

@article{arrieta2020explainable,
    title    = {Explainable Artificial Intelligence (XAI): Concepts, taxonomies, opportunities and challenges toward responsible AI},
    author    = {Arrieta, Alejandro Barredo and D{\'\i}az-Rodr{\'\i}guez, Natalia and Del Ser, Javier and Bennetot, Adrien and Tabik, Siham and Barbado, Alberto and Garc{\'\i}a, Salvador and Gil-L{\'o}pez, Sergio and Molina, Daniel and Benjamins, Richard and others},
    journal   = {Information fusion},
    volume    = {58},
    pages     = {82--115},
    year      = {2020},
    publisher = {Elsevier}
}

@article{rudin2019stop,
    title     = {Stop explaining black box machine learning models for high stakes decisions and use interpretable models instead},
    author    = {Rudin, Cynthia},
    journal   = {Nature Machine Intelligence},
    volume    = {1},
    number    = {5},
    pages     = {206--215},
    year      = {2019},
    publisher = {Nature Publishing Group}
}

@article{nori2019interpretml,
    title   = {InterpretML: A Unified Framework for Machine Learning Interpretability},
    author  = {Nori, Harsha and Jenkins, Samuel and Koch, Paul and Caruana, Rich},
    journal = {arXiv preprint arXiv:1909.09223},
    year    = {2019}
}

@inproceedings{thornton2013auto,
    title     = {Auto-WEKA: Combined selection and hyperparameter optimization of classification algorithms},
    author    = {Thornton, Chris and Hutter, Frank and Hoos, Holger H and Leyton-Brown, Kevin},
    booktitle = {Proceedings of the 19th ACM SIGKDD international conference on Knowledge discovery and data mining},
    pages     = {847--855},
    year      = {2013}
}

@incollection{kotthoff2019auto,
    title     = {Auto-WEKA: Automatic model selection and hyperparameter optimization in WEKA},
    author    = {Kotthoff, Lars and Thornton, Chris and Hoos, Holger H and Hutter, Frank and Leyton-Brown, Kevin},
    booktitle = {Automated machine learning},
    pages     = {81--95},
    year      = {2019},
    publisher = {Springer, Cham}
}

@article{kotthoff2017autoweka2,
    author  = {Lars Kotthoff and Chris Thornton and Holger H. Hoos and Frank Hutter and Kevin Leyton-Brown},
    title   = {Auto-WEKA 2.0: Automatic model selection and hyperparameter optimization in WEKA},
    journal = {Journal of Machine Learning Research},
    year    = {2017},
    volume  = {18},
    number  = {25},
    pages   = {1--5},
    url     = {http://jmlr.org/papers/v18/16-261.html}
}

@article{feurer2015efficient,
    title   = {Efficient and robust automated machine learning},
    author  = {Feurer, Matthias and Klein, Aaron and Eggensperger, Katharina and Springenberg, Jost and Blum, Manuel and Hutter, Frank},
    journal = {Advances in neural information processing systems},
    volume  = {28},
    year    = {2015}
}

@article{thomas2018autoxgboost,
    title   = {Automatic Gradient Boosting},
    author  = {Thomas, Janek and Coors, Stefan and Bischl, Bernd},
    journal = {ICML AutoML Workshop},
    year    = {2018}
}

@book{van2018flexible,
    title     = {Flexible imputation of missing data},
    author    = {Van Buuren, Stef},
    year      = {2018},
    publisher = {CRC press}
}

@inproceedings{john1995robust,
    title     = {Robust Decision Trees: Removing Outliers from Databases.},
    author    = {John, George H},
    booktitle ={KDD},
    volume    = {95},
    pages     = {174--179},
    year      = {1995}
}

@book{hutter2019automated,
    title     = {Automated machine learning: methods, systems, challenges},
    author    = {Hutter, Frank and Kotthoff, Lars and Vanschoren, Joaquin},
    year      = {2019},
    publisher = {Springer Nature},
    doi       = {10.1007/978-3-030-05318-5}
}

@book{audet2017derivative,
    title    = {Derivative-free and blackbox optimization},
    author    = {Audet, Charles and Hare, Warren},
    volume    = {2},
    year      = {2017},
    publisher = {Springer}
}

@article{browne2000cv,
    title   = {Cross-Validation Methods},
    journal = {Journal of Mathematical Psychology},
    volume  = {44},
    number  = {1},
    pages   = {108-132},
    year    = {2000},
    issn    = {0022-2496},
    doi     = {https://doi.org/10.1006/jmps.1999.1279},
    url     = {https://www.sciencedirect.com/science/article/pii/S0022249699912798},
    author  = {Michael W Browne},
}

@article{bischl2012resampling,
    author  = {Bischl, Bernd and Mersmann, O and Trautmann, Heike and Weihs, Claus},
    year    = {2012},
    month   = {02},
    pages   = {249-75},
    title   = {Resampling Methods for Meta-Model Validation with Recommendations for Evolutionary Computation},
    volume  = {20},
    journal = {Evolutionary computation},
    doi     = {10.1162/EVCO_a_00069}
}

@book{molnar2020interpretable,
    title     = {Interpretable machine learning},
    author    = {Molnar, Christoph},
    year      = {2020},
    publisher = {Lulu. com}
}

@inproceedings{ribeiro2016should,
    title     = {"Why should I trust you?" Explaining the predictions of any classifier},
    author    = {Ribeiro, Marco Tulio and Singh, Sameer and Guestrin, Carlos},
    booktitle = {Proceedings of the 22nd ACM SIGKDD international conference on knowledge discovery and data mining},
    pages     = {1135--1144},
    year      = {2016}
}

@inproceedings{lundberg2017shap,
    author    = {Lundberg, Scott M and Lee, Su-In},
    booktitle = {Advances in Neural Information Processing Systems},
    editor    = {I. Guyon and U. Von Luxburg and S. Bengio and H. Wallach and R. Fergus and S. Vishwanathan and R. Garnett},
    pages     = {},
    publisher = {Curran Associates, Inc.},
    title     = {A Unified Approach to Interpreting Model Predictions},
    url       = {https://proceedings.neurips.cc/paper/2017/file/8a20a8621978632d76c43dfd28b67767-Paper.pdf},
    volume    = {30},
    year      = {2017}
}

@inproceedings{drozdal2020trust,
    author    = {Drozdal, Jaimie and Weisz, Justin and Wang, Dakuo and Dass, Gaurav and Yao, Bingsheng and Zhao, Changruo and Muller, Michael and Ju, Lin and Su, Hui},
    title     = {Trust in AutoML: Exploring Information Needs for Establishing Trust in Automated Machine Learning Systems},
    year      = {2020},
    isbn      = {9781450371186},
    publisher = {Association for Computing Machinery},
    address   = {New York, NY, USA},
    url       = {https://doi.org/10.1145/3377325.3377501},
    doi       = {10.1145/3377325.3377501},
    booktitle = {Proceedings of the 25th International Conference on Intelligent User Interfaces},
    pages     = {297–307},
    numpages  = {11},
    location  = {Cagliari, Italy},
    series    = {IUI '20}
}

@article{pfisterer2019towards,
    title   = {Towards human centered AutoML},
    author  = {Pfisterer, Florian and Thomas, Janek and Bischl, Bernd},
    journal = {arXiv preprint arXiv:1911.02391},
    year    = {2019}
}

@InProceedings{freitas2019automated,
    author    = "Freitas, Alex A.",
    editor    = "Holzinger, Andreas and Kieseberg, Peter and Tjoa, A Min and Weippl, Edgar",
    title     = "Automated Machine Learning for Studying the Trade-Off Between Predictive Accuracy and Interpretability",
    booktitle = "Machine Learning and Knowledge Extraction",
    year      = "2019",
    publisher = "Springer International Publishing",
    address   = "Cham",
    pages     = "48--66",
    isbn      = "978-3-030-29726-8"
}

@inproceedings{xanthopoulos2020putting,
    title     = {Putting the Human Back in the AutoML Loop.},
    author    = {Xanthopoulos, Iordanis and Tsamardinos, Ioannis and Christophides, Vassilis and Simon, Eric and Salinger, Alejandro},
    booktitle = {EDBT/ICDT Workshops},
    year      = {2020}
}

@article{breiman2001random,
    title     = {Random forests},
    author    = {Breiman, Leo},
    journal   = {Machine learning},
    volume    = {45},
    number    = {1},
    pages     = {5--32},
    year      = {2001},
    publisher = {Springer}
}

@article{friedman2001greedy,
    title     = {Greedy function approximation: a gradient boosting machine},
    author    = {Friedman, Jerome H},
    journal   = {Annals of statistics},
    pages     = {1189--1232},
    year      = {2001},
    publisher = {JSTOR}
}

@article{DIFUTURE2018,
    author  = {Prasser, Fabian and Kohlbacher, Oliver and Mansmann, Ulrich and Bauer, Bernhard and Kuhn, Klaus A},
    doi     = {10.3414/ME17-02-0022},
    journal = { Methods Inf Med},
    title   = {Data Integration for Future Medicine (DIFUTURE)},
    volume  = {57},
    number  = {S01},
    pages   = {e57--e65},
    year    = {2018}
}

@article{sun2020privateml,
    author  ={Sun, Xiaoqiang and Zhang, Peng and Liu, Joseph K. and Yu, Jianping and Xie, Weixin},
    journal ={IEEE Transactions on Emerging Topics in Computing},
    title   = {Private Machine Learning Classification Based on Fully Homomorphic Encryption},
    year    = {2020},
    volume  = {8},
    number  = {2},
    pages   = {352-364},
    doi     = {10.1109/TETC.2018.2794611}
}

@misc{bost2014mlenc,
    author       = {Raphael Bost and Raluca Ada Popa and Stephen Tu and Shafi Goldwasser},
    title        = {Machine Learning Classification over Encrypted Data},
    howpublished = {Cryptology ePrint Archive, Paper 2014/331},
    year         = {2014},
    doi          = {10.14722/ndss.2015.23241},
    note         = {\url{https://eprint.iacr.org/2014/331}},
    url          = {https://eprint.iacr.org/2014/331}
}

@Article{fang2021ppml,
    author         = {Fang, Haokun and Qian, Quan},
    title          = {Privacy Preserving Machine Learning with Homomorphic Encryption and Federated Learning},
    journal        = {Future Internet},
    volume         = {13},
    year           = {2021},
    number         = {4},
    article-number = {94},
    url            = {https://www.mdpi.com/1999-5903/13/4/94},
    issn           = {1999-5903},
    doi            = {10.3390/fi13040094}
}

@inproceedings{mcmahan2017communication,
    title     = {{Communication-Efficient Learning of Deep Networks from Decentralized Data}},
    author    = {McMahan, Brendan and Moore, Eider and Ramage, Daniel and Hampson, Seth and Arcas, Blaise Aguera y},
    booktitle = {Proceedings of the 20th International Conference on Artificial Intelligence and Statistics},
    pages     = {1273--1282},
    year      = {2017},
    editor    = {Singh, Aarti and Zhu, Jerry},
    volume    = {54},
    series    = {Proceedings of Machine Learning Research},
    month     = {20--22 Apr},
    publisher = {PMLR},
    pdf       = {http://proceedings.mlr.press/v54/mcmahan17a/mcmahan17a.pdf},
    url       = {https://proceedings.mlr.press/v54/mcmahan17a.html},
}

@inproceedings{abadi2016deep,
    title     = {Deep learning with differential privacy},
    author    = {Abadi, Martin and Chu, Andy and Goodfellow, Ian and McMahan, H Brendan and Mironov, Ilya and Talwar, Kunal and Zhang, Li},
    booktitle = {Proceedings of the 2016 ACM SIGSAC conference on computer and communications security},
    pages     = {308--318},
    year      = {2016}
}

@article{gong2020survey,
    author  = {Gong, Maoguo and Xie, Yu and Pan, Ke and Feng, Kaiyuan and Qin, A.K.},
    journal = {IEEE Computational Intelligence Magazine},
    title   = {A Survey on Differentially Private Machine Learning [Review Article]},
    year    = {2020},
    volume  = {15},
    number  = {2},
    pages   = {49-64},
    doi     = {10.1109/MCI.2020.2976185}
}

@inproceedings{jayaraman2019evaluating,
    title     = {Evaluating differentially private machine learning in practice},
    author    = {Jayaraman, Bargav and Evans, David},
    booktitle = {28th USENIX Security Symposium (USENIX Security 19)},
    pages     = {1895--1912},
    year      = {2019}
}

@article{schalk2022distcwb,
  title         = {Privacy-Preserving and Lossless Distributed Estimation of High-Dimensional Generalized Additive Mixed Models},
  author        = {Schalk, Daniel and Bischl, Bernd and R{\"u}gamer, David},
  year          = {2023},
  journal       = {arXiv preprint arXiv:2210.07723}
}

@article{chen2018privacy,
    title     = {Privacy-preserving ridge regression on distributed data},
    author    = {Chen, Yi-Ruei and Rezapour, Amir and Tzeng, Wen-Guey},
    journal   = {Information Sciences},
    volume    = {451},
    pages     = {34--49},
    year      = {2018},
    publisher = {Elsevier}
}

@article{li2020privacy,
    title     = {Privacy preservation for machine learning training and classification based on homomorphic encryption schemes},
    author    = {Li, Jing and Kuang, Xiaohui and Lin, Shujie and Ma, Xu and Tang, Yi},
    journal   = {Information Sciences},
    volume    = {526},
    pages     = {166--179},
    year      = {2020},
    publisher = {Elsevier}
}

@inproceedings{mohassel2017secureml,
    title        = {Secureml: A system for scalable privacy-preserving machine learning},
    author       = {Mohassel, Payman and Zhang, Yupeng},
    booktitle    = {2017 IEEE symposium on security and privacy (SP)},
    pages        = {19--38},
    year         = {2017},
    organization = {IEEE}
}

@inproceedings{lazarevic2001distributed,
    title     = {The distributed boosting algorithm},
    author    = {Lazarevic, Aleksandar and Obradovic, Zoran},
    booktitle = {Proceedings of the seventh ACM SIGKDD international conference on Knowledge discovery and data mining},
    pages     = {311--316},
    year      = {2001}
}

@article{gambs2007privacy,
    title     = {Privacy-preserving boosting},
    author    = {Gambs, S{\'e}bastien and K{\'e}gl, Bal{\'a}zs and A{\"\i}meur, Esma},
    journal   = {Data Mining and Knowledge Discovery},
    volume    = {14},
    number    = {1},
    pages     = {131--170},
    year      = {2007},
    publisher = {Springer}
}

@article{cunha2021survey,
    title   = {A survey of privacy-preserving mechanisms for heterogeneous data types},
    journal = {Computer Science Review},
    volume  = {41},
    pages   = {100403},
    year    = {2021},
    issn    = {1574-0137},
    doi     = {https://doi.org/10.1016/j.cosrev.2021.100403},
    url     = {https://www.sciencedirect.com/science/article/pii/S1574013721000435},
    author  = {Mariana Cunha and Ricardo Mendes and João P. Vilela},
}

@article{zhu2020distlmm,
    author = {Zhu, Rui and Jiang, Chao and Wang, Xiaofeng and Wang, Shuang and Zheng, Hao and Tang, Haixu},
    title = "{Privacy-preserving construction of generalized linear mixed model for biomedical computation}",
    journal = {Bioinformatics},
    volume = {36},
    number = {Supplement\_1},
    pages = {i128-i135},
    year = {2020},
    month = {07},
    issn = {1367-4803},
    doi = {10.1093/bioinformatics/btaa478},
    url = {https://doi.org/10.1093/bioinformatics/btaa478},
    eprint = {https://academic.oup.com/bioinformatics/article-pdf/36/Supplement\_1/i128/33488895/btaa478.pdf},
}

@article{yan2022fed,
    title     = {Fed-GLMM: A Privacy-Preserving and Computation-Efficient Federated Algorithm for Generalized Linear Mixed Models to Analyze Correlated Electronic Health Records Data},
    author    = {Yan, Zhiyu and Zachrison, Kori S and Schwamm, Lee H and Estrada, Juan J and Duan, Rui},
    journal   = {medRxiv},
    year      = {2022},
    publisher = {Cold Spring Harbor Laboratory Press}
}

@article{gordon1995evaluation,
    title     = {Evaluation and selection of biases in machine learning},
    author    = {Gordon, Diana F and Desjardins, Marie},
    journal   = {Machine learning},
    volume    = {20},
    number    = {1},
    pages     = {5--22},
    year      = {1995},
    publisher = {Springer}
}

@article{brier1950verification,
    title   = {Verification of forecasts expressed in terms of probability},
    author  = {Brier, Glenn W and others},
    journal = {Monthly weather review},
    volume  = {78},
    number  = {1},
    pages   = {1--3},
    year    = {1950}
}

@article{vuk2006roc,
    title     = {ROC curve, lift chart and calibration plot},
    author    = {Vuk, Miha and Curk, Tomaz},
    journal   = {Metodoloski zvezki},
    volume    = {3},
    number    = {1},
    pages     = {89},
    year      = {2006},
    publisher = {Citeseer}
}

@article{stehman1997selecting,
    title     = {Selecting and interpreting measures of thematic classification accuracy},
    author    = {Stehman, Stephen V},
    journal   = {Remote sensing of Environment},
    volume    = {62},
    number    = {1},
    pages     = {77--89},
    year      = {1997},
    publisher = {Elsevier}
}

@article{pepe2000interpretation,
    title     = {An interpretation for the ROC curve and inference using GLM procedures},
    author    = {Pepe, Margaret Sullivan},
    journal   = {Biometrics},
    volume    = {56},
    number    = {2},
    pages     = {352--359},
    year      = {2000},
    publisher = {Wiley Online Library}
}

@book{flach2012machine,
    title     = {Machine learning: the art and science of algorithms that make sense of data},
    author    = {Flach, Peter},
    year      = {2012},
    publisher = {Cambridge university press}
}

@inproceedings{wang2022reconstructing,
    title     = {Reconstructing Training Data from Diverse ML Models by Ensemble Inversion},
    author    = {Wang, Qian and Kurz, Daniel},
    booktitle = {Proceedings of the IEEE/CVF Winter Conference on Applications of Computer Vision},
    pages     = {2909--2917},
    year      = {2022}
}

@article{Pepe2003,
    author  = {Pepe, Margaret Sullivan},
    doi     = {10.1198/jasa.2005.s19},
    issn    = {0162-1459},
    journal = {Journal of the American Statistical Association},
    title   = {The Statistical Evaluation of Medical Tests for Classification and Prediction},
    year    = {2003}
}

@incollection{feurer2019hyperparameter,
    title     = {Hyperparameter optimization},
    author    = {Feurer, Matthias and Hutter, Frank},
    booktitle = {Automated machine learning},
    pages     = {3--33},
    year      = {2019},
    publisher = {Springer, Cham}
}

@article{saintigny2011gene,
    title     = {Gene expression profiling predicts the development of oral cancer},
    author    = {Saintigny, Pierre and Zhang, Li and Fan, You-Hong and El-Naggar, Adel K and Papadimitrakopoulou, Vassiliki A and Feng, Lei and Lee, J Jack and Kim, Edward S and Hong, Waun Ki and Mao, Li},
    journal   = {Cancer Prevention Research},
    volume    = {4},
    number    = {2},
    pages     = {218--229},
    year      = {2011},
    publisher = {AACR}
}

@article{rugamer2016boosting,
    author   = {R{\"u}gamer, David and Brockhaus, Sarah and Gentsch, Kornelia and Scherer, Klaus and Greven, Sonja},
    title    = {Boosting factor-specific functional historical models for the detection of synchronization in bioelectrical signals},
    journal  = {Journal of the Royal Statistical Society: Series C (Applied Statistics)},
    volume   = {67},
    number   = {3},
    pages    = {621-642},
    doi      = {https://doi.org/10.1111/rssc.12241},
    url      = {https://rss.onlinelibrary.wiley.com/doi/abs/10.1111/rssc.12241},
    year     = {2018}
}

@article{liew2020classifyingpatella,
    title     = {Classifying individuals with and without patellofemoral pain syndrome using ground force profiles -- {D}evelopment of a method using functional data boosting},
    author    = {Liew, Bernard XW and R{\"u}gamer, David and Abichandani, Deepa and De Nunzio, Alessandro Marco},
    journal   = {Gait \& Posture},
    volume    = {80},
    pages     = {90--95},
    year      = {2020},
    publisher = {Elsevier}
}

@article{liew2020classifyingneck,
    title     = {Classifying neck pain status using scalar and functional biomechanical variables -- {D}evelopment of a method using functional data boosting},
    author    = {Liew, Bernard XW and R{\"u}gamer, David and Stocker, Almond and De Nunzio, Alessandro Marco},
    journal   = {Gait \& posture},
    volume    = {76},
    pages     = {146--150},
    year      = {2020},
    publisher = {Elsevier}
}

@article{schmid2008,
    title   = {Boosting additive models using component-wise P-Splines},
    journal = {Computational Statistics \& Data Analysis},
    volume  = {53},
    number  = {2},
    pages   = {298-311},
    year    = {2008},
    OPTissn = {0167-9473},
    OPTdoi  = {https://doi.org/10.1016/j.csda.2008.09.009},
    OPTurl  = {https://www.sciencedirect.com/science/article/pii/S0167947308004416},
    author  = {Matthias Schmid and Torsten Hothorn},
}

@inproceedings{buluc2008challenges,
    author    = {Buluc, Aydin and Gilbert, John R.},
    booktitle = {2008 37th International Conference on Parallel Processing},
    title     = {Challenges and Advances in Parallel Sparse Matrix-Matrix Multiplication},
    year      = {2008},
    volume    = {},
    number    = {},
    pages     = {503-510},
    doi       = {10.1109/ICPP.2008.45}
}

@article{choi1994pumma,
    title     = {PUMMA: Parallel universal matrix multiplication algorithms on distributed memory concurrent computers},
    author    = {Choi, Jaeyoung and Walker, David W and Dongarra, Jack J},
    journal   = {Concurrency: Practice and Experience},
    volume    = {6},
    number    = {7},
    pages     = {543--570},
    year      = {1994},
    publisher = {Wiley Online Library}
}

@article{verbraeken2020survey,
    title     = {A survey on distributed machine learning},
    author    = {Verbraeken, Joost and Wolting, Matthijs and Katzy, Jonathan and Kloppenburg, Jeroen and Verbelen, Tim and Rellermeyer, Jan S},
    journal   = {Acm computing surveys (csur)},
    volume    = {53},
    number    = {2},
    pages     = {1--33},
    year      = {2020},
    publisher = {ACM New York, NY, USA}
}

@book{bekkerman2011scaling,
    title     = {Scaling up machine learning: Parallel and distributed approaches},
    author    = {Bekkerman, Ron and Bilenko, Mikhail and Langford, John},
    year      = {2011},
    publisher = {Cambridge University Press}
}

@article{samarati1998protecting,
    title     = {Protecting privacy when disclosing information: k-anonymity and its enforcement through generalization and suppression},
    author    = {Samarati, Pierangela and Sweeney, Latanya},
    year      = {1998},
    publisher = {technical report, SRI International}
}

@article{sweeney2002k,
  title={k-anonymity: A model for protecting privacy},
  author={Sweeney, Latanya},
  journal={International journal of uncertainty, fuzziness and knowledge-based systems},
  volume={10},
  number={05},
  pages={557--570},
  year={2002},
  publisher={World Scientific}
}

@article{machanavajjhala2007diversity,
    title     = {l-diversity: Privacy beyond k-anonymity},
    author    = {Machanavajjhala, Ashwin and Kifer, Daniel and Gehrke, Johannes and Venkitasubramaniam, Muthuramakrishnan},
    journal   = {ACM Transactions on Knowledge Discovery from Data (TKDD)},
    volume    = {1},
    number    = {1},
    pages     = {3--es},
    year      = {2007},
    publisher = {ACM New York, NY, USA}
}

@article{freund1997decision,
    title     = {A decision-theoretic generalization of on-line learning and an application to boosting},
    author    = {Freund, Yoav and Schapire, Robert E},
    journal   = {Journal of computer and system sciences},
    volume    = {55},
    number    = {1},
    pages     = {119--139},
    year      = {1997},
    publisher = {Elsevier}
}

@article{thomas2017probing,
    title     = {Probing for sparse and fast variable selection with model-based boosting},
    author    = {Thomas, Janek and Hepp, Tobias and Mayr, Andreas and Bischl, Bernd},
    journal   = {Computational and mathematical methods in medicine},
    volume    = {2017},
    year      = {2017},
    publisher = {Hindawi}
}

@article{schalk2022dsBinVal,
    doi = {10.21105/joss.04545},
    url = {https://doi.org/10.21105/joss.04545},
    year = {2023},
    publisher = {The Open Journal},
    volume = {8},
    number = {82},
    pages = {4545},
    author = {Daniel Schalk and Verena Sophia Hoffmann and Bernd Bischl and Ulrich Mansmann},
    title = {{dsBinVal}: Conducting distributed ROC analysis using DataSHIELD},
    journal = {Journal of Open Source Software}
}

@article{fawcett2006introduction,
    title     = {An introduction to ROC analysis},
    author    = {Fawcett, Tom},
    journal   = {Pattern recognition letters},
    volume    = {27},
    number    = {8},
    pages     = {861--874},
    year      = {2006},
    publisher = {Elsevier}
}

@article{bischl2021hyperparameter,
    title   = {Hyperparameter optimization: Foundations, algorithms, best practices and open challenges},
    author  = {Bischl, Bernd and Binder, Martin and Lang, Michel and Pielok, Tobias and Richter, Jakob and Coors, Stefan and Thomas, Janek and Ullmann, Theresa and Becker, Marc and Boulesteix, Anne-Laure and others},
    journal = {arXiv preprint arXiv:2107.05847},
    year    = {2021}
}

@phdthesis{pfistererDISS,
    title     = {Democratizing Machine Learning -- Contributions in AutoML and Fairness},
    month     = {},
    year      = {2022},
    school = {LMU Munich},
    author    = {Florian Pfisterer},
    url       = {}
}

@phdthesis{casalicchioDiss,
    title     = {On benchmark experiments and visualization methods for the evaluation and interpretation of machine learning models},
    month     = {March},
    author    = {Giuseppe Casalicchio},
    year      = {2019},
    school = {LMU Munich},
    url       = {http://nbn-resolving.de/urn:nbn:de:bvb:19-238902},
    type      = {{PhD} dissertation}
}

@article{delong1988comparing,
    title     = {Comparing the areas under two or more correlated receiver operating characteristic curves: a nonparametric approach},
    author    = {DeLong, Elizabeth R and DeLong, David M and Clarke-Pearson, Daniel L},
    journal   = {Biometrics},
    pages     = {837--845},
    year      = {1988},
    publisher = {JSTOR}
}

@article{chen2015xgboost,
    title   = {Xgboost: extreme gradient boosting},
    author  = {Chen, Tianqi and He, Tong and Benesty, Michael and Khotilovich, Vadim and Tang, Yuan and Cho, Hyunsu and Chen, Kailong and Mitchell, Rory and Cano, Ignacio and Zhou, Tianyi and others},
    journal = {R package version 0.4-2},
    volume  = {1},
    number  = {4},
    pages   = {1--4},
    year    = {2015}
}

@inproceedings{gentry2009fully,
  title={Fully homomorphic encryption using ideal lattices},
  author={Gentry, Craig},
  booktitle={Proceedings of the forty-first annual ACM symposium on Theory of computing},
  pages={169--178},
  year={2009}
}
